<?xml version="1.0" encoding="UTF-8"?><collection xmlns="http://www.loc.gov/MARC21/slim"><record><leader>00371nam--2200133-i-4500</leader><controlfield tag="001">000018640</controlfield><controlfield tag="002">20161230</controlfield><controlfield tag="005">20161230201032</controlfield><controlfield tag="008">060222s1000------------r-----000-0-eng-d</controlfield><datafield ind1=" " ind2=" " tag="100"><subfield code="a">Emmett, Paul H</subfield></datafield><datafield ind1=" " ind2=" " tag="245"><subfield code="a">New approches to the study of catalysis</subfield></datafield><datafield ind1=" " ind2=" " tag="260"><subfield code="a">Pensylvania State University, 1962. 157 P</subfield></datafield><datafield ind1=" " ind2=" " tag="490"><subfield code="a">Thirty-sixth Annual Priestley Lectures</subfield></datafield><datafield ind1=" " ind2=" " tag="852"><subfield code="a">18887</subfield></datafield></record></collection>